@article{local,
  author    = {Tejas Kulkarni and
               Graham Cormode and
               Divesh Srivastava},
  title     = {Answering Range Queries Under Local Differential Privacy},
  journal   = {CoRR},
  volume    = {abs/1812.10942},
  year      = {2018},
  url       = {http://arxiv.org/abs/1812.10942},
  archivePrefix = {arXiv},
  eprint    = {1812.10942},
  timestamp = {Wed, 02 Jan 2019 14:40:18 +0100},
  biburl    = {https://dblp.org/rec/journals/corr/abs-1812-10942.bib},
  bibsource = {dblp computer science bibliography, https://dblp.org}
}

@article{algo_fun,
author = {Dwork, Cynthia and Roth, Aaron},
title = {The Algorithmic Foundations of Differential Privacy},
year = {2014},
issue_date = {August 2014},
publisher = {Now Publishers Inc.},
address = {Hanover, MA, USA},
volume = {9},
number = {3–4},
issn = {1551-305X},
url = {https://doi.org/10.1561/0400000042},
doi = {10.1561/0400000042},
journal = {Found. Trends Theor. Comput. Sci.},
month = aug,
pages = {211–407},
numpages = {197}
}

@misc{intro,
title={To guarantee privacy, focus on the algorithms, not the data},
url={https://srinstitute.utoronto.ca/news/nikolov-papernot-privacy-bill-c11},
author={Nikolov, Aleksandar and Papernot, Nicolas},
year={2021},
month={Jan}} 

@article{netflix,
  author    = {Arvind Narayanan and
               Vitaly Shmatikov},
  title     = {How To Break Anonymity of the Netflix Prize Dataset},
  journal   = {CoRR},
  volume    = {abs/cs/0610105},
  year      = {2006},
  url       = {http://arxiv.org/abs/cs/0610105},
  archivePrefix = {arXiv},
  eprint    = {cs/0610105},
  timestamp = {Mon, 13 Aug 2018 16:48:47 +0200},
  biburl    = {https://dblp.org/rec/journals/corr/abs-cs-0610105.bib},
  bibsource = {dblp computer science bibliography, https://dblp.org}
}

@unpublished{Sweeney,
	title = {Simple Demographics Often Identify People Uniquely},
	journal = {Carnegie Mellon University, Data Privacy},
	year = {2000},
	type = {Working paper},
	url = {http://dataprivacylab.org/projects/identifiability/},
	author = {Sweeney, Latanya}
}

@article{havard,
  author    = {Nissim Kobbi and
               Steinke Thomas and Wood Alexandra and Altman Micah and Bembenek Aaron and Bun Mark and Gaboardi Marco and O’Brien David R. and Vadhan Salil},
  title     = {Differential Privacy:A Primer for a Non-technical Audience*},
  year      = {2018},
  url       = {https://privacytools.seas.harvard.edu/files/privacytools/files/pedagogical-document-dp_new.pdf}
}
